%%%QIF

@book{Izhikevich2007,
  title={Dynamical systems in neuroscience},
  author={Izhikevich, Eugene M},
  year={2007},
  publisher={MIT press}
}


@book{Gerstner2002,
  title={Spiking neuron models: Single neurons, populations, plasticity},
  author={Gerstner, Wulfram and Kistler, Werner M},
  year={2002},
  publisher={Cambridge university press}
}


%%% Montbrio
@article{Montbrio_Pazo_Roxin,
  title = {Macroscopic Description for Networks of Spiking Neurons},
  author = {Montbri\'o, Ernest and Paz\'o, Diego and Roxin, Alex},
  journal = {Phys. Rev. X},
  volume = {5},
  issue = {2},
  pages = {021028},
  numpages = {15},
  year = {2015},
  month = {Jun},
  publisher = {American Physical Society},
  doi = {10.1103/PhysRevX.5.021028},
  url = {https://link.aps.org/doi/10.1103/PhysRevX.5.021028}
}

%%% DIFFERENTIAL EVOLUTION
@article{Storn1997,
author={Storn, Rainer
and Price, Kenneth},
title={Differential Evolution -- A Simple and Efficient Heuristic for global Optimization over Continuous Spaces},
journal={Journal of Global Optimization},
year={1997},
month={Dec},
day={01},
volume={11},
number={4},
pages={341-359},
issn={1573-2916},
doi={10.1023/A:1008202821328},
url={https://doi.org/10.1023/A:1008202821328}
}

@BOOK{Price1999,
    author = {K.  Price},
    title = {An Introduction to Differential Evolution in Corne, D., Dorigo, M. and Glover, F. (eds), New Ideas in Optimization},
     publisher ={ McGraw-Hill, London},
     year={1999}
    }


%%% PSO
@article{Kennedy1995,
  author={Kennedy, J. and Eberhart, R.},
  booktitle={Proceedings of ICNN'95 - International Conference on Neural Networks}, 
  title={Particle swarm optimization}, 
  year={1995},
  volume={4},
  number={},
  pages={1942-1948 vol.4},
  doi={10.1109/ICNN.1995.488968}}


@article{Eberhart1995,
	title = {New optimizer using particle swarm theory},
	journal = {Proceedings of the 6th International Symposium on Micro Machine and Human Science},
	author = {  R. C. Eberhart and J. Kennedy},
	year = {1995},
	pages = {39--43},
}

%%% BAYESIAN OPTIMIZATION
@article{Snoek2012,
 author = {Snoek, Jasper and Larochelle, Hugo and Adams, Ryan P},
 booktitle = {Advances in Neural Information Processing Systems},
 editor = {F. Pereira and C.J. Burges and L. Bottou and K.Q. Weinberger},
 pages = {},
 publisher = {Curran Associates, Inc.},
 title = {Practical Bayesian Optimization of Machine Learning Algorithms},
 url = {https://proceedings.neurips.cc/paper_files/paper/2012/file/05311655a15b75fab86956663e1819cd-Paper.pdf},
 volume = {25},
 year = {2012}
}

@article{Shahriari2015,
  title={Taking the human out of the loop: A review of Bayesian optimization},
  author={Shahriari, Bobak and Swersky, Kevin and Wang, Ziyu and Adams, Ryan P and De Freitas, Nando},
  journal={Proceedings of the IEEE},
  volume={104},
  number={1},
  pages={148--175},
  year={2015},
  publisher={IEEE}
}


%%% HMC

@article{Duane1987,
  title={Hybrid monte carlo},
  author={Duane, Simon and Kennedy, Anthony D and Pendleton, Brian J and Roweth, Duncan},
  journal={Physics letters B},
  volume={195},
  number={2},
  pages={216--222},
  year={1987},
  publisher={Elsevier}
}

@article{Neal2010,
  added-at = {2013-11-20T16:22:16.000+0100},
  author = {Neal, R. M.},
  biburl = {https://www.bibsonomy.org/bibtex/233fcb1d5a6d675e371170820f0b4dbcd/giacomo.fiumara},
  citeulike-article-id = {12118398},
  interhash = {f26b3ec7720399d06a5c271916a0ee92},
  intrahash = {33fcb1d5a6d675e371170820f0b4dbcd},
  journal = {Handbook of Markov Chain Monte Carlo},
  keywords = {Markov MonteCarlo},
  pages = {113--162},
  posted-at = {2013-03-06 23:35:00},
  priority = {2},
  timestamp = {2013-11-20T16:22:16.000+0100},
  title = {{MCMC} Using {Hamiltonian} Dynamics},
  volume = 54,
  year = 2010
}


@article{Hoffman2014,
  author  = {Hoffman, M. D. and Gelman, A.},
  title   = {The No-U-Turn Sampler: Adaptively Setting Path Lengths in Hamiltonian Monte Carlo},
  journal = {Journal of Machine Learning Research},
  year    = {2014},
  volume  = {15},
  number  = {47},
  pages   = {1593--1623},
  url     = {http://jmlr.org/papers/v15/hoffman14a.html}
}


@article{Betancourt2017,
  title={A conceptual introduction to Hamiltonian Monte Carlo},
  author={Betancourt, Michael},
  journal={arXiv preprint arXiv:1701.02434},
  year={2017}
}

@article{Betancourt2013,
  title={Generalizing the no-U-turn sampler to Riemannian manifolds},
  author={Betancourt, Michael J},
  journal={arXiv preprint arXiv:1304.1920},
  year={2013}
}


%%%% --- Stan
@article{Carpenter2017,
author = {Carpenter, B. and Gelman, A. and Hoffman, M. and Lee, D. and Goodrich, B. and Betancourt, M. and Brubaker, M. and Guo, J. and Li, P. and Riddell, A.},
year = {2017},
month = {01},
pages = {},
title = {Stan : A Probabilistic Programming Language},
volume = {76},
journal = {Journal of Statistical Software},
doi = {10.18637/jss.v076.i01}
}


%%% SBI 

@article{Cranmer2020,
doi = {10.1073/pnas.1912789117},
url = {https://doi.org/10.1073%2Fpnas.1912789117},
year = 2020,
month = {may},
publisher = {Proceedings of the National Academy of Sciences},
volume = {117},
number = {48},
pages = {30055--30062},
author = {Kyle Cranmer and Johann Brehmer and Gilles Louppe},
title = {The frontier of simulation-based inference},
journal = {Proceedings of the National Academy of Sciences}
}

@article{sbi-package,
  doi = {10.21105/joss.02505},
  url = {https://doi.org/10.21105/joss.02505},
  year = {2020},
  publisher = {The Open Journal},
  volume = {5},
  number = {52},
  pages = {2505},
  author = {Alvaro Tejero-Cantero and Jan Boelts and Michael Deistler and Jan-Matthis Lueckmann and Conor Durkan and Pedro J. Gon{\c{c}}alves and David S. Greenberg and Jakob H. Macke},
  title = {sbi: A toolkit for simulation-based inference},
  journal = {Journal of Open Source Software}
}

@article {Goncalves2020,
article_type = {journal},
title = {Training deep neural density estimators to identify mechanistic models of neural dynamics},
author = {Gon{\c{c}}alves, Pedro J and Lueckmann, Jan-Matthis and Deistler, Michael and Nonnenmacher, Marcel and \"Ocal, Kaan and Bassetto, Giacomo and Chintaluri, Chaitanya and Podlaski, William F and Haddad, Sara A and Vogels, Tim P and Greenberg, David S and Macke, Jakob H},
editor = {Huguenard, John R and O'Leary, Timothy and Goldman, Mark S},
volume = 9,
year = 2020,
month = {sep},
pub_date = {2020-09-17},
pages = {e56261},
citation = {eLife 2020;9:e56261},
doi = {10.7554/eLife.56261},
url = {https://doi.org/10.7554/eLife.56261},
journal = {eLife},
issn = {2050-084X},
publisher = {eLife Sciences Publications, Ltd},
}



@inproceedings{Greenberg2019,
  title={Automatic posterior transformation for likelihood-free inference},
  author={Greenberg, David and Nonnenmacher, Marcel and Macke, Jakob},
  booktitle={International Conference on Machine Learning},
  pages={2404--2414},
  year={2019},
  organization={PMLR}
}

@inproceedings{Lueckmann2019,
  title={Likelihood-free inference with emulator networks},
  author={Lueckmann, Jan-Matthis and Bassetto, Giacomo and Karaletsos, Theofanis and Macke, Jakob H},
  booktitle={Symposium on Advances in Approximate Bayesian Inference},
  pages={32--53},
  year={2019},
  organization={PMLR}
}

@inproceedings{Durkan2020,
  title={On contrastive learning for likelihood-free inference},
  author={Durkan, Conor and Murray, Iain and Papamakarios, George},
  booktitle={International conference on machine learning},
  pages={2771--2781},
  year={2020},
  organization={PMLR}
}


@article{Wiqvist2021,
  title={Sequential neural posterior and likelihood approximation},
  author={Wiqvist, Samuel and Frellsen, Jes and Picchini, Umberto},
  journal={arXiv preprint arXiv:2102.06522},
  year={2021}
}

@article{Deistler2022,
  title={Truncated proposals for scalable and hassle-free simulation-based inference},
  author={Deistler, Michael and Goncalves, Pedro J and Macke, Jakob H},
  journal={Advances in Neural Information Processing Systems},
  volume={35},
  pages={23135--23149},
  year={2022}
}


@inproceedings{Gershman2014,
  title={Amortized inference in probabilistic reasoning},
  author={Gershman, Samuel and Goodman, Noah},
  booktitle={Proceedings of the annual meeting of the cognitive science society},
  volume={36},
  number={36},
  year={2014}
}


@inproceedings{Lueckmann2021,
  title={Benchmarking Simulation-Based Inference},
  author={Lueckmann, Jan-Matthis and Boelts, Jan and Greenberg, David and Gon{\c{c}}alves, Pedro and Macke, Jakob},
  booktitle={International Conference on Artificial Intelligence and Statistics},
  pages={343--351},
  year={2021},
  organization={PMLR}
}

@article{Boelts2022,
  title={Flexible and efficient simulation-based inference for models of decision-making},
  author={Boelts, Jan and Lueckmann, Jan-Matthis and Gao, Richard and Macke, Jakob H},
  journal={Elife},
  volume={11},
  pages={e77220},
  year={2022},
  publisher={eLife Sciences Publications Limited}
}



@inproceedings{Papamakarios2016,
  title={Fast $\varepsilon$-free inference of simulation models with bayesian conditional density estimation},
  author={Papamakarios, George and Murray, Iain},
  booktitle={Advances in Neural Information Processing Systems},
  pages={1028--1036},
  year={2016}
}
@article{Papamakarios2017,
  title={Masked autoregressive flow for density estimation},
  author={Papamakarios, George and Pavlakou, Theo and Murray, Iain},
  journal={Advances in Neural Information Processing Systems},
  year={2017}
}


@article{Papamakarios2019,
  title={Normalizing flows for probabilistic modeling and inference},
  author={Papamakarios, George and Nalisnick, Eric and Rezende, Danilo Jimenez and Mohamed, Shakir and Lakshminarayanan, Balaji},
  journal={arXiv preprint arXiv:1912.02762},
  year={2019}
}

@inproceedings{Papamakarios2019b,
  title={Sequential neural likelihood: Fast likelihood-free inference with autoregressive flows},
  author={Papamakarios, George and Sterratt, David and Murray, Iain},
  booktitle={The 22nd International Conference on Artificial Intelligence and Statistics},
  pages={837--848},
  year={2019},
  organization={PMLR}
}


@inproceedings{Rezende2015,
  title={Variational inference with normalizing flows},
  author={Rezende, Danilo and Mohamed, Shakir},
  booktitle={International conference on machine learning (ICML)},
  pages={1530--1538},
  year={2015},
  organization={PMLR}
}



@article{Brehmer2020,
  title={Mining gold from implicit models to improve likelihood-free inference},
  author={Brehmer, Johann and Louppe, Gilles and Pavez, Juan and Cranmer, Kyle},
  journal={Proceedings of the National Academy of Sciences},
  volume={117},
  number={10},
  pages={5242--5249},
  year={2020},
  publisher={National Acad Sciences}
}

@article{Brehmer2021,
  title={Simulation-based inference in particle physics},
  author={Brehmer, Johann},
  journal={Nature Reviews Physics},
  volume={3},
  number={5},
  pages={305--305},
  year={2021},
  publisher={Nature Publishing Group}
}




%%% QIF ---- 

%%%%%%% Brian
@article{Stimberg2019,
    title = {Brian 2, an intuitive and efficient neural simulator},
    volume = {8},
    issn = {2050-084X},
    doi = {10.7554/eLife.47314},
    journal = {eLife},
    author = {Stimberg, Marcel and Brette, Romain and Goodman, Dan FM},
    editor = {Skinner, Frances K},
    month = aug,
    year = {2019},
    pages = {e47314}
}

%%% Neural ODE
@article{Chen2018,
  title={Neural ordinary differential equations},
  author={Chen, Ricky TQ and Rubanova, Yulia and Bettencourt, Jesse and Duvenaud, David K},
  journal={Advances in neural information processing systems},
  volume={31},
  year={2018}
}

@article{Yan2019,
  title={On robustness of neural ordinary differential equations},
  author={Yan, Hanshu and Du, Jiawei and Tan, Vincent YF and Feng, Jiashi},
  journal={arXiv preprint arXiv:1910.05513},
  year={2019}
}


@article{Dupont2019,
  title={Augmented neural odes},
  author={Dupont, Emilien and Doucet, Arnaud and Teh, Yee Whye},
  journal={Advances in neural information processing systems},
  volume={32},
  year={2019}
}


@article{Bilovs2021,
  title={Neural flows: Efficient alternative to neural ODEs},
  author={Bilo{\v{s}}, Marin and Sommer, Johanna and Rangapuram, Syama Sundar and Januschowski, Tim and G{\"u}nnemann, Stephan},
  journal={Advances in neural information processing systems},
  volume={34},
  pages={21325--21337},
  year={2021}
}


@article{Kim2021,
  title={Stiff neural ordinary differential equations},
  author={Kim, Suyong and Ji, Weiqi and Deng, Sili and Ma, Yingbo and Rackauckas, Christopher},
  journal={Chaos: An Interdisciplinary Journal of Nonlinear Science},
  volume={31},
  number={9},
  year={2021},
  publisher={AIP Publishing}
}

@inproceedings{Zhu2022,
  title={On numerical integration in neural ordinary differential equations},
  author={Zhu, Aiqing and Jin, Pengzhan and Zhu, Beibei and Tang, Yifa},
  booktitle={International Conference on Machine Learning},
  pages={27527--27547},
  year={2022},
  organization={PMLR}
}

@article{Goyal2023,
  title={Neural ordinary differential equations with irregular and noisy data},
  author={Goyal, Pawan and Benner, Peter},
  journal={Royal Society Open Science},
  volume={10},
  number={7},
  pages={221475},
  year={2023},
  publisher={The Royal Society}
}




@book{Juang1994,
  title={Applied system identification},
  author={Juang, Jer-Nan},
  year={1994},
  publisher={Prentice-Hall, Inc.}
}




@incollection{Ljung1998,
  title={System identification},
  author={Ljung, Lennart},
  booktitle={Signal analysis and prediction},
  pages={163--173},
  year={1998},
  publisher={Springer}
}

@book{Brunton2019,
  title={Data-driven science and engineering: Machine learning, dynamical systems, and control},
  author={Brunton, Steven L and Kutz, J Nathan},
  year={2019},
  publisher={Cambridge University Press}
}

@article{Sip2023,
  title={Characterization of regional differences in resting-state fMRI with a data-driven network model of brain dynamics},
  author={Sip, Viktor and Hashemi, Meysam and Dickscheid, Timo and Amunts, Katrin and Petkoski, Spase and Jirsa, Viktor},
  journal={Science Advances},
  volume={9},
  number={11},
  pages={eabq7547},
  year={2023},
  publisher={American Association for the Advancement of Science}
}


@inproceedings{Linderman2017,
  title={Bayesian learning and inference in recurrent switching linear dynamical systems},
  author={Linderman, Scott and Johnson, Matthew and Miller, Andrew and Adams, Ryan and Blei, David and Paninski, Liam},
  booktitle={Artificial Intelligence and Statistics},
  pages={914--922},
  year={2017},
  organization={PMLR}
}

@article{Brunton2016,
  title={Discovering governing equations from data by sparse identification of nonlinear dynamical systems},
  author={Brunton, Steven L and Proctor, Joshua L and Kutz, J Nathan},
  journal={Proceedings of the national academy of sciences},
  volume={113},
  number={15},
  pages={3932--3937},
  year={2016},
  publisher={National Acad Sciences}
}


@inproceedings{Duncker2019,
  title={Learning interpretable continuous-time models of latent stochastic dynamical systems},
  author={Duncker, Lea and Bohner, Gergo and Boussard, Julien and Sahani, Maneesh},
  booktitle={International Conference on Machine Learning},
  pages={1726--1734},
  year={2019},
  organization={PMLR}
}

@article{Koppe2019,
  title={Identifying nonlinear dynamical systems via generative recurrent neural networks with applications to fMRI},
  author={Koppe, Georgia and Toutounji, Hazem and Kirsch, Peter and Lis, Stefanie and Durstewitz, Daniel},
  journal={PLoS computational biology},
  volume={15},
  number={8},
  pages={e1007263},
  year={2019},
  publisher={Public Library of Science San Francisco, CA USA}
}



@article{Schmidt2019,
  title={Identifying nonlinear dynamical systems with multiple time scales and long-range dependencies},
  author={Schmidt, Dominik and Koppe, Georgia and Monfared, Zahra and Beutelspacher, Max and Durstewitz, Daniel},
  journal={arXiv preprint arXiv:1910.03471},
  year={2019}
}


@software{jax2018github,
  author = {James Bradbury and Roy Frostig and Peter Hawkins and Matthew James Johnson and Chris Leary and Dougal Maclaurin and George Necula and Adam Paszke and Jake Vander{P}las and Skye Wanderman-{M}ilne and Qiao Zhang},
  title = {{JAX}: composable transformations of {P}ython+{N}um{P}y programs},
  url = {http://github.com/google/jax},
  version = {0.3.13},
  year = {2018},
}



%%% Neural Compution
@article{Bittner2021,
  title={Interrogating theoretical models of neural computation with emergent property inference},
  author={Bittner, Sean R and Palmigiano, Agostina and Piet, Alex T and Duan, Chunyu A and Brody, Carlos D and Miller, Kenneth D and Cunningham, John},
  journal={Elife},
  volume={10},
  pages={e56265},
  year={2021},
  publisher={eLife Sciences Publications, Ltd}
}


@book{Dayan2005,
  title={Theoretical neuroscience: computational and mathematical modeling of neural systems},
  author={Dayan, Peter and Abbott, Laurence F},
  year={2005},
  publisher={MIT press}
}


@book{Hertz2018,
  title={Introduction to the theory of neural computation},
  author={Hertz, John A},
  year={2018},
  publisher={Crc Press}
}

@article{Hopfield1982,
  title={Neural networks and physical systems with emergent collective computational abilities.},
  author={Hopfield, John J},
  journal={Proceedings of the national academy of sciences},
  volume={79},
  number={8},
  pages={2554--2558},
  year={1982},
  publisher={National Acad Sciences}
}


@article{Izhikevich2003,
  title={Simple model of spiking neurons},
  author={Izhikevich, Eugene M},
  journal={IEEE Transactions on neural networks},
  volume={14},
  number={6},
  pages={1569--1572},
  year={2003},
  publisher={IEEE}
}


@article{Sussillo2014,
  title={Neural circuits as computational dynamical systems},
  author={Sussillo, David},
  journal={Current opinion in neurobiology},
  volume={25},
  pages={156--163},
  year={2014},
  publisher={Elsevier}
}



@article{Leary2015,
  title={Computational models in the age of large datasets},
  author={O'Leary, Timothy and Sutton, Alexander C and Marder, Eve},
  journal={Current opinion in neurobiology},
  volume={32},
  pages={87--94},
  year={2015},
  publisher={Elsevier}
}


@book{Kandel2000,
  title={Principles of neural science},
  author={Kandel, Eric R and Schwartz, James H and Jessell, Thomas M and Siegelbaum, Steven and Hudspeth, A James and Mack, Sarah and others},
  volume={4},
  year={2000},
  publisher={McGraw-hill New York}
}


@book{Gerstner2014,
  title={Neuronal dynamics: From single neurons to networks and models of cognition},
  author={Gerstner, Wulfram and Kistler, Werner M and Naud, Richard and Paninski, Liam},
  year={2014},
  publisher={Cambridge University Press}
}


@article{Friston2009,
  title={Predictive coding under the free-energy principle},
  author={Friston, Karl and Kiebel, Stefan},
  journal={Philosophical transactions of the Royal Society B: Biological sciences},
  volume={364},
  number={1521},
  pages={1211--1221},
  year={2009},
  publisher={The Royal Society London}
}



@article{Friston2017,
  title={Active inference: a process theory},
  author={Friston, Karl and FitzGerald, Thomas and Rigoli, Francesco and Schwartenbeck, Philipp and Pezzulo, Giovanni},
  journal={Neural computation},
  volume={29},
  number={1},
  pages={1--49},
  year={2017},
  publisher={MIT Press One Rogers Street, Cambridge, MA 02142-1209, USA journals-info~…}
}

%%% Neural Mass Models

@article{Wilson1973,
  title={A mathematical theory of the functional dynamics of cortical and thalamic nervous tissue},
  author={Wilson, Hugh R and Cowan, Jack D},
  journal={Kybernetik},
  volume={13},
  number={2},
  pages={55--80},
  year={1973},
  publisher={Springer}
}


@article{Amari1977,
  title={Dynamics of pattern formation in lateral-inhibition type neural fields},
  author={Amari, Shun-ichi},
  journal={Biological cybernetics},
  volume={27},
  number={2},
  pages={77--87},
  year={1977},
  publisher={Springer}
}



@article{Jirsa1996,
  title={Field theory of electromagnetic brain activity},
  author={Jirsa, Viktor K and Haken, Hermann},
  journal={Physical review letters},
  volume={77},
  number={5},
  pages={960},
  year={1996},
  publisher={APS}
}


@article{David2003,
  title={A neural mass model for MEG/EEG:: coupling and neuronal dynamics},
  author={David, Olivier and Friston, Karl J},
  journal={NeuroImage},
  volume={20},
  number={3},
  pages={1743--1755},
  year={2003},
  publisher={Elsevier}
}

@article{Deco2008,
  title={The dynamic brain: from spiking neurons to neural masses and cortical fields},
  author={Deco, Gustavo and Jirsa, Viktor K and Robinson, Peter A and Breakspear, Michael and Friston, Karl},
  journal={PLoS computational biology},
  volume={4},
  number={8},
  pages={e1000092},
  year={2008},
  publisher={Public Library of Science San Francisco, USA}
}


@article{Hutt2015,
  title={How to render Neural Fields more realistic},
  author={Hutt, Axel and Hashemi, Meysam and beim Graben, Peter},
  journal={Validating Neuro-Computational Models of Neurological and Psychiatric Disorders},
  pages={141--159},
  year={2015},
  publisher={Springer}
}



@article{Bandyopadhyay2021,
  title={Mean-field approximation of network of biophysical neurons driven by conductance-based ion exchange},
  author={Bandyopadhyay, Abhirup and Rabuffo, Giovanni and Calabrese, Carmela and Gudibanda, Kashyap and Depannemaecker, Damien and Ivanov, Anton and Bernard, Christophe and Jirsa, Viktor K and Petkoski, Spase},
  journal={bioRxiv},
  pages={2021--10},
  year={2021},
  publisher={Cold Spring Harbor Laboratory}
}


@incollection{Coombes2018,
  title={Next generation neural mass models},
  author={Coombes, Stephen and Byrne, Aine},
  booktitle={Nonlinear dynamics in computational neuroscience},
  pages={1--16},
  year={2018},
  publisher={Springer}
}

@article{Cook2022,
  title={Neural Field Models: A mathematical overview and unifying framework},
  author={Cook, Blake J and Peterson, Andre DH and Woldman, Wessel and Terry, John R},
  journal={Mathematical Neuroscience and Applications},
  volume={2},
  year={2022},
  publisher={Episciences. org}
}

%%% Degeneracy

@article{Edelman2001,
  title={Degeneracy and complexity in biological systems},
  author={Edelman, Gerald M and Gally, Joseph A},
  journal={Proceedings of the National Academy of Sciences},
  volume={98},
  number={24},
  pages={13763--13768},
  year={2001},
  publisher={National Acad Sciences}
}


@article{Prinz2004,
  title={Similar network activity from disparate circuit parameters},
  author={Prinz, Astrid A and Bucher, Dirk and Marder, Eve},
  journal={Nature neuroscience},
  volume={7},
  number={12},
  pages={1345--1352},
  year={2004},
  publisher={Nature Publishing Group US New York}
}

@article{Achard2006,
  title={Complex parameter landscape for a complex neuron model},
  author={Achard, Pablo and De Schutter, Erik},
  journal={PLoS computational biology},
  volume={2},
  number={7},
  pages={e94},
  year={2006},
  publisher={Public Library of Science San Francisco, USA}
}


@article{Alonso2019,
  title={Visualization of currents in neural models with similar behavior and different conductance densities},
  author={Alonso, Leandro M and Marder, Eve},
  journal={Elife},
  volume={8},
  pages={e42722},
  year={2019},
  publisher={eLife Sciences Publications, Ltd}
}


@article{Marder1998,
  title={From biophysics to models of network function},
  author={Marder, Eve},
  journal={Annual review of neuroscience},
  volume={21},
  number={1},
  pages={25--45},
  year={1998},
  publisher={Annual Reviews 4139 El Camino Way, PO Box 10139, Palo Alto, CA 94303-0139, USA}
}


@article{Marder2002,
  title={Cellular, synaptic and network effects of neuromodulation},
  author={Marder, Eve and Thirumalai, Vatsala},
  journal={Neural Networks},
  volume={15},
  number={4-6},
  pages={479--493},
  year={2002},
  publisher={Elsevier}
}

%%% Statistics

@article{Mlynarski2021,
  title={Statistical analysis and optimality of neural systems},
  author={M{\l}ynarski, Wiktor and Hled{\'\i}k, Michal and Sokolowski, Thomas R and Tka{\v{c}}ik, Ga{\v{s}}per},
  journal={Neuron},
  volume={109},
  number={7},
  pages={1227--1241},
  year={2021},
  publisher={Elsevier}
}



@article{Liepe2014,
  title={A framework for parameter estimation and model selection from experimental data in systems biology using approximate Bayesian computation},
  author={Liepe, Juliane and Kirk, Paul and Filippi, Sarah and Toni, Tina and Barnes, Chris P and Stumpf, Michael PH},
  journal={Nature protocols},
  volume={9},
  number={2},
  pages={439--456},
  year={2014},
  publisher={Nature Publishing Group UK London}
}


@article{Lueckmann2017,
  title={Flexible statistical inference for mechanistic models of neural dynamics},
  author={Lueckmann, Jan-Matthis and Gon{\c{c}}alves, Pedro J and Bassetto, Giacomo and {\"O}cal, Kaan and Nonnenmacher, Marcel and Macke, Jakob H},
  journal={Advances in neural information processing systems},
  volume={30},
  year={2017}
}


@book{Nocedal1999,
  title={Numerical optimization},
  author={Nocedal, Jorge and Wright, Stephen J},
  year={1999},
  publisher={Springer}
}

@BOOK{Kelley1999,
    author = {C. T. Kelley },
	title = { Iterative Methods for Optimization },
	publisher = {North Carolina State University, Raleigh, North Carolina},
	year = {1999},
}


@article{Svensson2012,
	title = {Using {Evolutionary} {Algorithms} for {Fitting} {High}-{Dimensional} {Models} to {Neuronal} {Data}},
	volume = {10},
	number = {2},
	journal = {Neuroinformatics},
	author = {Svensson, Carl-Magnus and Coombes, Stephen and Peirce, Jonathan Westley},
	year = {2012},
	pages = {199--218},
}

@article{Tashkova2011,
	title = {Parameter estimation with bio-inspired meta-heuristic optimization: modeling the dynamics of endocytosis},
	volume = {5},
	number = {1},
	journal = {BMC systems biology},
	author = {Tashkova, Katerina and Korosec, Peter and Silc, Jurij and Todorovski, Ljupco and Dzeroski, Saso},
	year = {2011},
	pages = {159},
}

@article{Banga2008,
	title = {Parameter estimation and optimal experimental design},
	volume = {45},
	journal = {Essays Biochem},
	author = {Banga, Julio and Balsa-Canto, Eva},
	year = {2008},
	pages = {195--210},
}


@ARTICLE{Hashemi2014,
  author =	 {M. Hashemi and A. Hutt and J. Sleigh},
  title =	 {Anesthetic action on extra-synaptic receptors: effects in neural population models of {EEG} activity},
  journal =	 {J. Front. Syst. Neurosci.},
  volume =     {8},
  number =     {232},
  year =	 {2014}
}

@Article{Hashemi2018,
author="Hashemi, Meysam
and Hutt, Axel
and Buhry, Laure
and Sleigh, Jamie",
title="Optimal Model Parameter Estimation from EEG Power Spectrum Features Observed during General Anesthesia",
journal="Neuroinformatics",
year="2018",
month="Apr",
day="01",
volume="16",
number="2",
pages="231--251",
issn="1559-0089",
doi="10.1007/s12021-018-9369-x",
}



@article{Hashemi2023,
  title={Amortized Bayesian inference on generative dynamical network models of epilepsy using deep neural density estimators},
  author={Hashemi, Meysam and Vattikonda, Anirudh N and Jha, Jayant and Sip, Viktor and Woodman, Marmaduke M and Bartolomei, Fabrice and Jirsa, Viktor K},
  journal={Neural Networks},
  volume={163},
  pages={178--194},
  year={2023},
  publisher={Elsevier}
}


@article{Hashemi2020,
  title={The {Bayesian} Virtual Epileptic Patient: A probabilistic framework designed to infer the spatial map of epileptogenicity in a personalized large-scale brain model of epilepsy spread},
  author={Hashemi, Meysam and Vattikonda, AN and Sip, Viktor and Guye, Maxime and Bartolomei, Fabrice and Woodman, Michael Marmaduke and Jirsa, Viktor K},
  journal={NeuroImage},
  volume={217},
  pages={116839},
  year={2020},
  publisher={Elsevier}
}


@article{Hashemi2021,
  title={On the influence of prior information evaluated by fully Bayesian criteria in a personalized whole-brain model of epilepsy spread},
  author={Hashemi, Meysam and Vattikonda, Anirudh N and Sip, Viktor and Diaz-Pier, Sandra and Peyser, Alexander and Wang, Huifang and Guye, Maxime and Bartolomei, Fabrice and Woodman, Marmaduke M and Jirsa, Viktor K},
  journal={PLoS computational biology},
  volume={17},
  number={7},
  pages={e1009129},
  year={2021},
  publisher={Public Library of Science San Francisco, CA USA}
}



@article{Jha2022,
  title={Fully Bayesian estimation of virtual brain parameters with self-tuning Hamiltonian Monte Carlo},
  author={Jha, Jayant and Hashemi, Meysam and Vattikonda, Anirudh Nihalani and Wang, Huifang and Jirsa, Viktor},
  journal={Machine Learning: Science and Technology},
  volume={3},
  number={3},
  pages={035016},
  year={2022},
  publisher={IOP Publishing}
}


@article{Baldy2023,
  title={Hierarchical Bayesian Pharmacometrics Analysis of Baclofen for Alcohol Use Disorder},
  author={Baldy, Nina and Simon, Nicolas and Jirsa, Viktor and Hashemi, Meysam},
  journal={Machine Learning: Science and Technology},
  year={2023}
}



@article{Wang2023,
  title={Delineating epileptogenic networks using brain imaging data and personalized modeling in drug-resistant epilepsy},
  author={Wang, Huifang E and Woodman, Marmaduke and Triebkorn, Paul and Lemarechal, Jean-Didier and Jha, Jayant and Dollomaja, Borana and Vattikonda, Anirudh Nihalani and Sip, Viktor and Medina Villalon, Samuel and Hashemi, Meysam and others},
  journal={Science Translational Medicine},
  volume={15},
  number={680},
  pages={eabp8982},
  year={2023},
  publisher={American Association for the Advancement of Science}
}

@article{Jirsa2023,
  title={Personalised virtual brain models in epilepsy},
  author={Jirsa, Viktor and Wang, Huifang and Triebkorn, Paul and Hashemi, Meysam and Jha, Jayant and Gonzalez-Martinez, Jorge and Guye, Maxime and Makhalova, Julia and Bartolomei, Fabrice},
  journal={The Lancet Neurology},
  volume={22},
  number={5},
  pages={443--454},
  year={2023},
  publisher={Elsevier}
}


@article{Mendes1998,
	title = {Non-linear optimization of biochemical pathways: applications to metabolic engineering and parameter estimation},
	volume = {14},
	number = {10},
	journal = {Bioinformatics (Oxford, England)},
	author = {Mendes, P. and Kell, D.},
	year = {1998},
	pages = {869--883}
}


@ARTICLE{Floudas2009,
  author =	 {C.A. Floudas and C. E. Gounaris },
  title =	 {A review of recent advances in global optimization},
  journal =	 {J Glob Optim},
  number={45},
  pages =	 {3-38},
  year =	 {2009}
}


@book{James2013,
  title={An introduction to statistical learning},
  author={James, Gareth and Witten, Daniela and Hastie, Trevor and Tibshirani, Robert and others},
  volume={112},
  year={2013},
  publisher={Springer}
}


@Book{BDA,
    author = {Andrew Gelman and Christian Robert and Nicolas Chopin and Judith Rousseau},
    title = {{Bayesian} Data Analysis},
    publisher="CRC Press",
    year = {1995}
}


@Book{Bishop,
  author = 	 "Christopher M. Bishop",
  title = 	 "Pattern Recognition and Machine Learning",
  publisher = 	 "Springer",
  year = 	 "2006",
}



@article{Gelman2020,
  doi = {10.48550/ARXIV.2011.01808},
  url = {https://arxiv.org/abs/2011.01808},
  author = {Gelman, A. and Vehtari, A. and Simpson, D. and Margossian, C. C. and Carpenter, B. and Yao, Y. and Kennedy, L. and Gabry, J. and Bürkner, PC. and Modrák, M.},
  title = {Bayesian Workflow},
  publisher = {arXiv},
  year = {2020},
  copyright = {Creative Commons Attribution 4.0 International}
}


@article{VanSchoot2021,
  title={Bayesian statistics and modelling},
  author={van de Schoot, Rens and Depaoli, Sarah and King, Ruth and Kramer, Bianca and M{\"a}rtens, Kaspar and Tadesse, Mahlet G and Vannucci, Marina and Gelman, Andrew and Veen, Duco and Willemsen, Joukje and others},
  journal={Nature Reviews Methods Primers},
  volume={1},
  number={1},
  pages={1--26},
  year={2021},
  publisher={Nature Publishing Group}
}


@article{Andrieu2003,
  title={An introduction to MCMC for machine learning},
  author={Andrieu, Christophe and De Freitas, Nando and Doucet, Arnaud and Jordan, Michael I},
  journal={Machine learning},
  volume={50},
  number={1},
  pages={5--43},
  year={2003},
  publisher={Springer}
}


@book{Murphy2022,
  title={Probabilistic machine learning: an introduction},
  author={Murphy, Kevin P},
  year={2022},
  publisher={MIT press}
}

@book{Mcelreath2020,
  title={Statistical rethinking: A Bayesian course with examples in R and Stan},
  author={McElreath, Richard},
  year={2020},
  publisher={Chapman and Hall/CRC}
}














@article{Virtanen2020scipy,
  title={SciPy 1.0: fundamental algorithms for scientific computing in Python},
  author={Virtanen, Pauli and Gommers, Ralf and Oliphant, Travis E and Haberland, Matt and Reddy, Tyler and Cournapeau, David and Burovski, Evgeni and Peterson, Pearu and Weckesser, Warren and Bright, Jonathan and others},
  journal={Nature methods},
  volume={17},
  number={3},
  pages={261--272},
  year={2020},
  publisher={Nature Publishing Group}
}


@article{Miranda2018pyswarms,
  title={PySwarms: a research toolkit for Particle Swarm Optimization in Python},
  author={Miranda, Lester James},
  journal={Journal of Open Source Software},
  volume={3},
  number={21},
  pages={433},
  year={2018}
}


@article{Nogueira2014BO,
  title={Bayesian Optimization: Open source constrained global optimization tool for Python},
  author={Nogueira, Fernando and others},
  year={2014}
}


@article{Tejero2020sbi,
  title={SBI--A toolkit for simulation-based inference},
  author={Tejero-Cantero, Alvaro and Boelts, Jan and Deistler, Michael and Lueckmann, Jan-Matthis and Durkan, Conor and Gon{\c{c}}alves, Pedro J and Greenberg, David S and Macke, Jakob H},
  journal={arXiv preprint arXiv:2007.09114},
  year={2020}
}

@article{Sanz2013TVB,
  title={The Virtual Brain: a simulator of primate brain network dynamics},
  author={Sanz Leon, Paula and Knock, Stuart A and Woodman, M Marmaduke and Domide, Lia and Mersmann, Jochen and McIntosh, Anthony R and Jirsa, Viktor},
  journal={Frontiers in neuroinformatics},
  volume={7},
  pages={10},
  year={2013},
  publisher={Frontiers Media SA}
}

%%% Time delay embedding
@article{Abarbanel,
  title={Predicting physical variables in time-delay embedding},
  author={Abarbanel, Henry DI and Carroll, TA and Pecora, LM and Sidorowich, JJ and Tsimring, L Sh},
  journal={Physical Review E},
  volume={49},
  number={3},
  pages={1840},
  year={1994},
  publisher={APS}
}

@article{Kennel1992,
  title={Determining embedding dimension for phase-space reconstruction using a geometrical construction},
  author={Kennel, Matthew B and Brown, Reggie and Abarbanel, Henry DI},
  journal={Physical review A},
  volume={45},
  number={6},
  pages={3403},
  year={1992},
  publisher={APS}
}


@inproceedings{Takens2006,
  title={Detecting strange attractors in turbulence},
  author={Takens, Floris},
  booktitle={Dynamical Systems and Turbulence, Warwick 1980: proceedings of a symposium held at the University of Warwick 1979/80},
  pages={366--381},
  year={1981},
  organization={Springer}
}

@article{Sauer1991,
  title={Embedology},
  author={Sauer, Tim and Yorke, James A and Casdagli, Martin},
  journal={Journal of statistical Physics},
  volume={65},
  pages={579--616},
  year={1991},
  publisher={Springer}
}


@article{Hirsh2021,
  title={Structured time-delay models for dynamical systems with connections to Frenet--Serret frame},
  author={Hirsh, Seth M and Ichinaga, Sara M and Brunton, Steven L and Nathan Kutz, J and Brunton, Bingni W},
  journal={Proceedings of the Royal Society A},
  volume={477},
  number={2254},
  pages={20210097},
  year={2021},
  publisher={The Royal Society}
}

@article{Tan2023,
  title={Selecting embedding delays: An overview of embedding techniques and a new method using persistent homology},
  author={Tan, Eugene and Algar, Shannon and Corr{\^e}a, D{\'e}bora and Small, Michael and Stemler, Thomas and Walker, David},
  journal={Chaos: An Interdisciplinary Journal of Nonlinear Science},
  volume={33},
  number={3},
  year={2023},
  publisher={AIP Publishing}
}



@article{Raue2009,
	title = {Structural and practical identifiability analysis of partially observable dynamical models by exploiting the profile likelihood},
	volume = {25},
	journal = {Bioinformatics},
	author = {A. Raue and C. Kreutz and T. Maiwald and J. Bachmann and M. Schilling and U. Klingmuller J. Timmer },
	year = {2009},
	pages = {1923--1929},
}

@article{Wieland2021,
  title={On structural and practical identifiability},
  author={Wieland, Franz-Georg and Hauber, Adrian L and Rosenblatt, Marcus and T{\"o}nsing, Christian and Timmer, Jens},
  journal={Current Opinion in Systems Biology},
  year={2021},
  publisher={Elsevier}
}


@article{Buzsaki2014,
  title={The log-dynamic brain: how skewed distributions affect network operations},
  author={Buzs{\'a}ki, Gy{\"o}rgy and Mizuseki, Kenji},
  journal={Nature Reviews Neuroscience},
  volume={15},
  number={4},
  pages={264--278},
  year={2014},
  publisher={Nature Publishing Group UK London}
}


@article{Beaumont2002,
  title={Approximate Bayesian computation in population genetics},
  author={Beaumont, Mark A and Zhang, Wenyang and Balding, David J},
  journal={Genetics},
  volume={162},
  number={4},
  pages={2025--2035},
  year={2002},
  publisher={Oxford University Press}
}


@article{Beaumont2010,
  title={Approximate Bayesian computation in evolution and ecology},
  author={Beaumont, Mark A},
  journal={Annual review of ecology, evolution, and systematics},
  volume={41},
  pages={379--406},
  year={2010},
  publisher={Annual Reviews}
}


@article{Beaumont2019,
  title={Approximate bayesian computation},
  author={Beaumont, Mark A},
  journal={Annual review of statistics and its application},
  volume={6},
  pages={379--403},
  year={2019},
  publisher={Annual Reviews}
}


@article{Hoffman2019,
  title={Neutra-lizing bad geometry in hamiltonian monte carlo using neural transport},
  author={Hoffman, Matthew and Sountsov, Pavel and Dillon, Joshua V and Langmore, Ian and Tran, Dustin and Vasudevan, Srinivas},
  journal={arXiv preprint arXiv:1903.03704},
  year={2019}
}


@article{Gabrie2022,
  title={Adaptive Monte Carlo augmented with normalizing flows},
  author={Gabri{\'e}, Marylou and Rotskoff, Grant M and Vanden-Eijnden, Eric},
  journal={Proceedings of the National Academy of Sciences},
  volume={119},
  number={10},
  pages={e2109420119},
  year={2022},
  publisher={National Acad Sciences}
}
